<?xml version="1.0" encoding="UTF-8"?><collection xmlns="http://www.loc.gov/MARC21/slim"><record><leader>00466nam--2200193-u-4500</leader><controlfield tag="001">000055949</controlfield><controlfield tag="002">20161230</controlfield><controlfield tag="005">20161230201052</controlfield><controlfield tag="008">130827s1000------------r-----000-0-rus-d</controlfield><datafield ind1=" " ind2=" " tag="040"><subfield code="a">IFIN-HH</subfield></datafield><datafield ind1=" " ind2=" " tag="041"><subfield code="a">rus</subfield></datafield><datafield ind1=" " ind2=" " tag="080"><subfield code="a">530.12:531.111</subfield></datafield><datafield ind1="1" ind2=" " tag="100"><subfield code="a">Cernin, A.D</subfield></datafield><datafield ind1="1" ind2="0" tag="245"><subfield code="a">Fizika vremeni</subfield><subfield code="c">A.d. cernin</subfield></datafield><datafield ind1=" " ind2=" " tag="260"><subfield code="a">Moskva</subfield><subfield code="b">Nauka</subfield><subfield code="c">1987</subfield></datafield><datafield ind1=" " ind2=" " tag="300"><subfield code="a">220P</subfield></datafield><datafield ind1=" " ind2=" " tag="490"><subfield code="a">Biblioteka Kvant</subfield><subfield code="v">Vipusk 59</subfield></datafield><datafield ind1=" " ind2=" " tag="852"><subfield code="a">74940</subfield><subfield code="c">521/522</subfield></datafield><datafield ind1=" " ind2=" " tag="CAT"><subfield code="a">Sys</subfield><subfield code="c">20130827</subfield><subfield code="h">150801</subfield></datafield></record></collection>